 @article{WEBER,
	title={Theory of the Location of Industries},
	journal={The University of Chicago Press},
	author={WEBER, A.},
	year={1929}
}

 @article{BROWN,
	title={Statistical uses of the spatial median},
	journal={J. R. Stat. Soc.},
	author={BROWN, B. M.},
	year={1983},
	pages={ 25–30}
}

 @article{SMALL,
	title={A survey of multidimensional medians},
	journal={Int. Stat. rev. 58},
	author={SMALL, C. G.},
	year={1983},
	pages={263–277}
}

 @article{LEVIN,
	title={The approximation power of moving least-squares},
	journal={Mathematics of Computation},
	author={D. Levin.},
	year={1998},
	pages={224}
}

 @article{CARR,
	title={Reconstruction and representation of 3d objects with radial basis functions},
	journal={In Proc. of ACM SIGGRAPH},
	author={Carr, J. C. and Beatson, R. K. and Cherrie, J. B. and Mitchell, T. J. and Fright, W. R. and MCCallum, B. C. and Evans, T. R.},
	year={2001}
}

@article{MORTON,
    title={A computer oriented geodetic data base; and a new technique in file sequencing},
    author={G. M. Morton},
    year={1966},
    journal={IBM Ltd., Tech. Rep.}
}

@article{Скворцов,
    title={Триангуляция Делоне и её применение},
    author={Скворцов А.В.},
    year={2002},
    journal={Томск: Изд-во Том. ун-та},
    pages={128}
}

@article{Tamal,
    title={Delaunay Based Shape Reconstruction from Large Data},
    author={Tamal K. Dey Joachim Giesen James Hudson},
    year={2001},
    journal={Ohio State University, Columbus, OH 43210, USA},
    pages={20}
}

@article{Russell,
    title={Building a Balanced k-d Tree in O(kn log n) Time},
    author={Russell A. Brown},
    year={2015},
    volume={4},
    number={1},
    journal={Journal of Computer Graphics Techniques},
    pages={50}
}

@article{Szymon,
    title={QSplat: A Multiresolution Point Rendering System for Large Meshes},
    author={Szymon Rusinkiewicz Marc Levoy},
    year={2000},
    journal={Stanford University},
    pages={1}
}


@article{Berger,
    title={A Survey of Surface Reconstruction from Point Clouds},
    author={Matthew Berger},
    year={2016},
    journal={Computer Graphics Forum Wiley},
    pages={27}
}


@article{Turk,
    title={Shape transformation using variational implicit surfaces},
    authors={G. Turk J. F. O’Brien},
    year={1999},
    journal={SIGGRAPH},
    pages={335-342}
}
